<record><leader>00000cas a22000007a 4500</leader><controlfield tag="001">22302061</controlfield><controlfield tag="008">900831d19731974nyuwr ne      0    0eng d</controlfield><datafield ind1=" " ind2=" " tag="010"><subfield code="a">sn 90066301 </subfield></datafield><datafield ind1=" " ind2=" " tag="040"><subfield code="a">NYS</subfield><subfield code="b">eng</subfield><subfield code="c">NYS</subfield><subfield code="d">OCLCQ</subfield></datafield><datafield ind1=" " ind2=" " tag="042"><subfield code="a">msc</subfield></datafield><datafield ind1="0" ind2="0" tag="245"><subfield code="a">Sullivan County times-press.</subfield></datafield><datafield ind1=" " ind2=" " tag="260"><subfield code="a">Liberty, N.Y. :</subfield><subfield code="b">Sullivan County Times-Press,</subfield><subfield code="c">-1974.</subfield></datafield><datafield ind1=" " ind2=" " tag="300"><subfield code="a">v.</subfield></datafield><datafield ind1=" " ind2=" " tag="310"><subfield code="a">Weekly</subfield></datafield><datafield ind1="1" ind2=" " tag="362"><subfield code="a">Began in 1973?</subfield></datafield><datafield ind1="0" ind2=" " tag="362"><subfield code="a">-v. 1, no. 45 (July 4, 1974).</subfield></datafield><datafield ind1=" " ind2=" " tag="588"><subfield code="a">Description based on: Vol. 1, no. 18 (Dec. 27, 1973).</subfield></datafield><datafield ind1=" " ind2="4" tag="651"><subfield code="a">Liberty (N.Y.)</subfield><subfield code="v">Newspapers.</subfield></datafield><datafield ind1=" " ind2=" " tag="752"><subfield code="a">United States</subfield><subfield code="b">New York</subfield><subfield code="c">Sullivan</subfield><subfield code="d">Liberty.</subfield></datafield><datafield ind1="0" ind2="4" tag="780"><subfield code="t">Livingston Manor times consolidated with the Roscoe-Rockland times</subfield><subfield code="w">(DLC)sn 90066305</subfield><subfield code="w">(OCoLC)22282504</subfield></datafield><datafield ind1="0" ind2="4" tag="780"><subfield code="t">Sullivan County press</subfield><subfield code="w">(DLC)sn 90066302</subfield><subfield code="w">(OCoLC)22302013</subfield></datafield></record>